<?xml version="1.0" encoding="UTF-8"?><record xmlns="http://www.loc.gov/MARC21/slim" xmlns:cinclude="http://apache.org/cocoon/include/1.0" xmlns:zs="http://www.loc.gov/zing/srw/">
  <leader>00418nz  a2200133n  4500</leader>
  <controlfield tag="001">no2013011980</controlfield>
  <controlfield tag="003">DLC</controlfield>
  <controlfield tag="005">20130205074920.0</controlfield>
  <controlfield tag="008">130203n| acannaabn          |n aaa     c</controlfield>
  <datafield tag="010" ind1=" " ind2=" ">
    <subfield code="a">no2013011980</subfield>
  </datafield>
  <datafield tag="035" ind1=" " ind2=" ">
    <subfield code="a">(OCoLC)oca09397575</subfield>
  </datafield>
  <datafield tag="040" ind1=" " ind2=" ">
    <subfield code="a">NAnB-G</subfield>
    <subfield code="b">eng</subfield>
    <subfield code="c">NAnB-G</subfield>
  </datafield>
  <datafield tag="100" ind1="1" ind2=" ">
    <subfield code="a">Everle휍혖, Claude</subfield>
  </datafield>
  <datafield tag="670" ind1=" " ind2=" ">
    <subfield code="a">Sogo, c2012:</subfield>
    <subfield code="b">t.p. (Claude Everle휍혖) p. 15 (French art dealer and art collector; active in Dakar since the early 1970s)</subfield>
  </datafield>
</record>